<?xml version="1.0" encoding="UTF-8"?><collection xmlns="http://www.loc.gov/MARC21/slim"><record><leader>00400nam--2200133-i-4500</leader><controlfield tag="001">000023115</controlfield><controlfield tag="002">20161230</controlfield><controlfield tag="005">20161230201034</controlfield><controlfield tag="008">060222s1000------------r-----000-0-eng-d</controlfield><datafield ind1=" " ind2=" " tag="080"><subfield code="a">681.31</subfield></datafield><datafield ind1=" " ind2=" " tag="100"><subfield code="a">Gill, Dudley Wilfred</subfield></datafield><datafield ind1=" " ind2=" " tag="245"><subfield code="a">On the theory,design and utilisation of a multi-machine computing system.thesis</subfield></datafield><datafield ind1=" " ind2=" " tag="260"><subfield code="a">Ann Arbor,Michigan,University Microfilms, 1969. Vii+133p</subfield></datafield><datafield ind1=" " ind2=" " tag="852"><subfield code="a">36103</subfield></datafield></record></collection>